<?xml version="1.0" encoding="UTF-8"?><collection xmlns="http://www.loc.gov/MARC21/slim"><record><leader>00461nam--2200133-i-4500</leader><controlfield tag="001">000001827</controlfield><controlfield tag="002">20161230</controlfield><controlfield tag="005">20161230201024</controlfield><controlfield tag="008">060222s1000------------r-----000-0-eng-d</controlfield><datafield ind1=" " ind2=" " tag="080"><subfield code="a">537.311.33</subfield></datafield><datafield ind1=" " ind2=" " tag="100"><subfield code="a">Glodeanu,A</subfield></datafield><datafield ind1=" " ind2=" " tag="245"><subfield code="a">Contributii la teoria starilor de impuritate in semiconductori. autoreferatul dizertatiei pentru obtinerea titlului de candidat in stiintele fizico- matematice</subfield></datafield><datafield ind1=" " ind2=" " tag="260"><subfield code="a">Bucuresti, Institutul De Fizicz, 1965. 19 P</subfield></datafield><datafield ind1=" " ind2=" " tag="852"><subfield code="a">23478</subfield></datafield></record></collection>